@article{ML_know,
  title={A few useful things to know about machine learning},
  author={Domingos, Pedro},
  journal={Communications of the ACM},
  volume={55},
  number={10},
  pages={78--87},
  year={2012},
  publisher={ACM}
}

@inproceedings{ML_debt,
title = {Machine Learning: The High Interest Credit Card of Technical Debt},
author  = {D. Sculley and Gary Holt and Daniel Golovin and Eugene Davydov and Todd Phillips and Dietmar Ebner and Vinay Chaudhary and Michael Young},
year  = 2014,
booktitle = {SE4ML: Software Engineering for Machine Learning (NIPS 2014 Workshop)}
}

@article{EDM_pred_dropout,
  title={Predicting Students Drop Out: A Case Study.},
  author={Dekker, Gerben W and Pechenizkiy, Mykola and Vleeshouwers, Jan M},
  journal={International Working Group on Educational Data Mining},
  year={2009},
  publisher={ERIC}
}

@article{EDM_retention,
  title={Analysis of Student Data for Retention Using Data Mining Techniques},
  author={Sherrill, Brandon and Eberle, William and Talbert, Doug},
  year={2011}
}

@article{EDM_review_and_soa,
  title={Educational data mining: a review of the state of the art},
  author={Romero, Crist{\'o}bal and Ventura, Sebasti{\'a}n},
  journal={Systems, Man, and Cybernetics, Part C: Applications and Reviews, IEEE Transactions on},
  volume={40},
  number={6},
  pages={601--618},
  year={2010},
  publisher={IEEE}
}

@article{EDM_education,
  title={Data mining for education},
  author={Baker, RSJD and others},
  journal={International encyclopedia of education},
  volume={7},
  pages={112--118},
  year={2010},
  publisher={Oxford, UK: Elsevier}
}

@book{Tom_mitchell,
 author = {Mitchell, Thomas M.},
 title = {Machine Learning},
 year = {1997},
 isbn = {0070428077, 9780070428072},
 edition = {1},
 publisher = {McGraw-Hill, Inc.},
 address = {New York, NY, USA},
} 


