% machine learning

@article{ML_10,
  title={Top 10 algorithms in data mining},
  author={Wu, Xindong and Kumar, Vipin and Quinlan, J Ross and Ghosh, Joydeep and Yang, Qiang and Motoda, Hiroshi and McLachlan, Geoffrey J and Ng, Angus and Liu, Bing and Philip, S Yu and others},
  journal={Knowledge and Information Systems},
  volume={14},
  number={1},
  pages={1--37},
  year={2008},
  publisher={Springer}
}

@article{ML_experimental,
  title={Machine learning an experimental science (revisited)},
  author={Drummond, Chris},
  year={2006}
}

% não é book hein
@book{Mitchell_discipline,
  title={The discipline of machine learning},
  author={Mitchell, Tom Michael},
  year={2006},
  publisher={Carnegie Mellon University, School of Computer Science, Machine Learning Department}
}

@article{ML_know,
  title={A few useful things to know about machine learning},
  author={Domingos, Pedro},
  journal={Communications of the ACM},
  volume={55},	
  number={10},
  pages={78--87},
  year={2012},
  publisher={ACM}
}

@inproceedings{ML_debt,
title = {Machine Learning: The High Interest Credit Card of Technical Debt},
author  = {D. Sculley and Gary Holt and Daniel Golovin and Eugene Davydov and Todd Phillips and Dietmar Ebner and Vinay Chaudhary and Michael Young},
year  = 2014,
booktitle = {SE4ML: Software Engineering for Machine Learning (NIPS 2014 Workshop)}
}

@book{Tom_mitchell,
 author = {Mitchell, Thomas M.},
 title = {Machine Learning},
 year = {1997},
 isbn = {0070428077, 9780070428072},
 edition = {1},
 publisher = {McGraw-Hill, Inc.},
 address = {New York, NY, USA},
}

% Evasão

@article{Predicting_Students,
  title={Predicting Students Drop Out: A Case Study.},
  author={Dekker, Gerben W and Pechenizkiy, Mykola and Vleeshouwers, Jan M},
  journal={International Working Group on Educational Data Mining},
  year={2009},
  publisher={ERIC}
}

@article{EDM_retention,
  title={Analysis of Student Data for Retention Using Data Mining Techniques},
  author={Sherrill, Brandon and Eberle, William and Talbert, Doug},
  year={2011}
}

@article{EDM_dropout_rates,
  title={Educational Data Mining with Focus on Dropout Rates},
  author={Villwock, Rosangela and Appio, Andressa and Andreta, Aldioni Adaiani},
  journal={International Journal of Computer Science and Network Security (IJCSNS)},
  volume={15},
  number={3},
  pages={17},
  year={2015},
  publisher={International Journal of Computer Science and Network Security}
}

@article{EDM_ufrj,
  title={Evaluating Performance and Dropouts of Undergraduates Using Educational Data Mining},
  author={Manh{\~a}es, Laci Mary Barbosa and da Cruz, S{\'e}rgio Manuel Serra and Zimbr{\~a}o, Geraldo}
}

@article{EDM_ufrj2,
  title={Identifica{\c{c}}ao dos fatores que influenciam a evasao em cursos de gradua{\c{c}}ao atrav{\'e}s de sistemas baseados em minera{\c{c}}ao de dados: Uma abordagem quantitativa},
  author={Manh{\~a}es, Laci Mary Barbosa and Cruz, SMS and Costa, Raimundo J Mac{\'a}rio and Zavaleta, Jorge and Zimbr{\~a}o, Geraldo},
  journal={Anais do VIII Simp{\'o}sio Brasileiro de Sistemas de Informa{\c{c}}{\~a}o, S{\~a}o Paulo},
  year={2012}
}

@article{unioeste,
  title={Educational Data Mining with Focus on Dropout Rates},
  author={Villwock, Rosangela and Appio, Andressa and Andreta, Aldioni Adaiani},
  journal={International Journal of Computer Science and Network Security (IJCSNS)},
  volume={15},
  number={3},
  pages={17},
  year={2015},
  publisher={International Journal of Computer Science and Network Security}
}

@article{evasao_panorama,
  title={Panorama da evas{\~a}o no ensino superior brasileiro: aspectos gerais das causas e solu{\c{c}}{\~o}es},
  author={Lobo, Maria Beatriz de Carvalho Melo},
  journal={Associa{\c{c}}{\~a}o Brasileira de Mantenedoras de Ensino Superior. Cadernos},
  number={25},
  year={2012}
}

% educação
@article{andriola,
  title={Opini{\~o}es de docentes e de coordenadores acerca do fen{\^o}meno da evas{\~a}o discente dos cursos de gradua{\c{c}}{\~a}o da Universidade Federal do Cear{\'a} (UFC)},
  author={Andriola, Wagner Bandeira and Andriola, Cristiany Gomes and Moura, Cristiane Pascoal},
  journal={Ensaio: aval. pol. p{\'u}bl. Educ},
  year={2006},
  publisher={SciELO Brasil}
}

@article{andriola_2003,
  title={Evas{\~a}o discente no {\^a}mbito da Universidade Federal do Cear{\'a} (UFC): proposta para identificar suas causas e implantar um servi{\c{c}}o de Orienta{\c{c}}{\~a}o e Informa{\c{c}}{\~a}o (SOI) para os egressos do ensino m{\'e}dio},
  author={ANDRIOLA, Wagner Bandeira},
  journal={ENCONTRO DE PESQUISA EDUCACIONAL DO NORTE E NORDESTE},
  volume={16},
  pages={483},
  year={2003},
  publisher={Universidade Federal de Sergipe S{\~a}o Crist{\'o}v{\~a}o}
}